@book{vizmuller1995rf,
  title={RF Design Guide: Systems, Circuits, and Equations},
  author={Vizmuller, P.},
  isbn={9780890067543},
  lccn={94047188},
  series={Artech House microwave library},
  url={https://books.google.es/books?id=trJ6rhF0lU0C},
  year={1995},
  publisher={Artech House}
}

@book{pozar2012microwave,
  title={Microwave Engineering},
  author={Pozar, D.M.},
  isbn={9781118213636},
  url={https://books.google.es/books?id=JegbAAAAQBAJ},
  year={2012},
  publisher={Wiley}
}

@book{pin_diode_designer_handbook,
  title={The PIN diode circuit designer's handbook},
  author={W.E. Doherty, Jr., R.D. Joos},
  isbn={9781118213636},
  url={https://www.microsemi.com/sites/default/files/datasheets/Products/rf/PINhandbook.pdf},
  year={1998},
  publisher={Microsemi Corp.}
}